@book{balanis,
  title={Antenna theory: analysis and design},
  author={Constantine, A Balanis},
  year={2005},
  publisher={Wiley-Interscience}
}

@inproceedings{mpa00,
	author={G. A. Deschamps and W. Sichak},
	title={Microstrip Microwave Antennas},
	booktitle={Proceedings of the Third Symposium on the USAF Antenna Research and Development Program},
	year={1953}
}

@INPROCEEDINGS{mpa01,
  author={Zboril, Friedrich R.},
  booktitle={1975 5th European Microwave Conference},
  title={New Antennas on New Nonmetallic Materials},
  year={1975},
  volume={},
  number={},
  pages={658-662},
  doi={10.1109/EUMA.1975.332187}}

@article{mpa02,
  title={Microstrip antennas},
  author={Howell, J},
  journal={IEEE Transactions on Antennas and Propagation},
  volume={23},
  number={1},
  pages={90--93},
  year={1975},
  publisher={IEEE}
}

@inproceedings{mpaHist01,
  title={Microstrip patch antennas: An historical perspective of the development},
  author={Peixeiro, Custodio},
  booktitle={2011 SBMO/IEEE MTT-S International Microwave and Optoelectronics Conference (IMOC 2011)},
  pages={684--688},
  year={2011},
  organization={IEEE}
}

@article{mpaSurvTech,
  title={Microstrip antenna technology},
  author={Carver, Keith and Mink, James},
  journal={IEEE transactions on antennas and propagation},
  volume={29},
  number={1},
  pages={2--24},
  year={1981},
  publisher={IEEE}
}

@article{mpaAnaTriang,
  title={A geometrical theory for the resonant frequencies and Q-factors of some triangular microstrip patch antennas},
  author={Kuester, E and Chang, D},
  journal={IEEE Transactions on Antennas and Propagation},
  volume={31},
  number={1},
  pages={27--34},
  year={1983},
  publisher={IEEE}
}

@article{mpaAnaDipole,
  title={Electromagnetically coupled microstrip dipoles},
  author={Oltman, H and Huebner, D},
  journal={IEEE Transactions on Antennas and Propagation},
  volume={29},
  number={1},
  pages={151--157},
  year={1981},
  publisher={IEEE}
}

@article{mpaFeedAprture,
  title={Microstrip antenna aperture-coupled to a microstripline},
  author={Pozar, David M},
  journal={Electronics letters},
  volume={21},
  number={2},
  pages={49--50},
  year={1985},
  publisher={IET}
}

@article{txmPhasedArray,
  title={Conformal microstrip antennas and microstrip phased arrays},
  author={Munson, R F},
  journal={IEEE Transactions on Antennas and propagation},
  volume={22},
  number={1},
  pages={74--78},
  year={1974},
  publisher={IEEE}
}

@article{txmLinP,
  title={Linearly polarized microstrip antennas},
  author={Derneryd, A},
  journal={IEEE Transactions on antennas and propagation},
  volume={24},
  number={6},
  pages={846--851},
  year={1976},
  publisher={IEEE}
}

@article{txmRect,
  title={A theoretical investigation of the rectangular microstrip antenna element},
  author={Derneryd, A},
  journal={IEEE Transactions on Antennas and Propagation},
  volume={26},
  number={4},
  pages={532--535},
  year={1978},
  publisher={IEEE}
}

@techreport{classicTheory,
  title={Study of Microstrip Antennas, Microstrip Phased Arrays, and Microstrip Feed Networks.},
  author={Lo, Y T and Solomon, D and Ore, FR and Harrison, DD and Deschamps, GA},
  year={1977},
  institution={ILLINOIS UNIV AT URBANA-CHAMPAIGN ELECTROMAGNETICS LAB}
}

@inproceedings{txmMc,
  title={Accurate transmission-line model for the rectangular microstrip antenna},
  author={Pues, Haul and Van de Capelle, Antoine},
  booktitle={IEE Proceedings H (Microwaves, Optics and Antennas)},
  volume={131},
  number={6},
  pages={334--340},
  year={1984},
  organization={IET}
}

@phdthesis{gtlmThesis,
   title={Generalized transmission line model of microstrip patch antennas and some applications},
   author={Bhattacharyya, A K},
   school={IIT Kharagpur},
   year={1985}
}

@article{gtlmMath,
  title={Microstrip Antenna--A Generalized Transmission Line},
  author={Bhattacharyya, A K and Shafai, L and Gary, R},
  journal={Progress In Electromagnetics Research},
  volume={4},
  pages={45--84},
  year={1991}
}

@inproceedings{gtlm2,
  title={Generalised transmission line model for microstrip patches},
  author={Bhattacharyya, A K and Garg, R},
  booktitle={IEE Proceedings H (Microwaves, Antennas and Propagation)},
  volume={132},
  number={2},
  pages={93--98},
  year={1985},
  organization={IET}
}

@article{gtlmAnnular,
  title={Input impedance of annular ring microstrip antenna using circuit theory approach},
  author={Bhattacharyya, A K and Garg, Ramesh},
  journal={IEEE transactions on antennas and propagation},
  volume={33},
  number={4},
  pages={369--374},
  year={1985},
  publisher={IEEE}
}

@article{gtlmSectorCirc,
  title={Analysis of annular sector and circular sector microstrip patch antennas},
  author={Bhattacharyya, A K and Garg, Ramesh},
  journal={Electromagnetics},
  volume={6},
  number={3},
  pages={229--242},
  year={1986},
  publisher={Taylor \& Francis}
}

@article{gtlmAnnuRing,
  title={A microstrip array of concentric annular rings},
  author={Bhattacharyya, A K and Garg, Ramesh},
  journal={IEEE transactions on antennas and propagation},
  volume={33},
  number={6},
  pages={655--659},
  year={1985},
  publisher={IEEE}
}

@article{gtlmElliptRing,
author={A. K. {Bhattacharyya} and L. {Shafai}},
journal={IEEE Transactions on Antennas and Propagation},
title={Theoretical and experimental investigation of the elliptical annular ring antenna},
year={1988},
volume={36},
number={11},
pages={1526-1530},
doi={10.1109/8.9700},
ISSN={},
month={Nov},}
}

@ARTICLE{txmLossy,
author={M. {Himdi} and J. P. {Daniel}},
journal={Electronics Letters},
title={Analysis of printed linear slot antenna using lossy transmission line model},
year={1992},
volume={28},
number={6},
pages={598-601},
month={March}
}

@article{cavity01,
  title={Theory and experiment on microstrip antennas},
  author={Lo, YT and Solomon, D and Richards, W},
  journal={IEEE transactions on Antennas and Propagation},
  volume={27},
  number={2},
  pages={137--145},
  year={1979},
  publisher={IEEE}
}

@article{cavity02,
  title={An improved theory for microstrip antennas and applications},
  author={W. {Richards} and and D. {Harrison}},
  journal={IEEE Transactions on antennas and propagation},
  volume={29},
  number={1},
  pages={38--46},
  year={1981},
  publisher={IEEE}
}

@article{cavityCricPol,
  title={Perturbation approach to design of circularly polarised microstrip antennas},
  author={Lo, YT and Richards, WF},
  journal={Electronics Letters},
  volume={17},
  pages={383--385},
  year={1981}
}

@phdthesis{gcmThesis,
   title={Generalized cavity model of microstrip patch antennas and some applications},
   author={Palanisamy, V},
   year={1985},
   school={IIT Kharagpur},
   publisher={IIT Kharagpur, India}
}

@article{gcmMath,
  title={Analysis of arbitrarily shaped microstrip patch antennas using segmentation technique and cavity model},
  author={Palanisamy, V and Garg, Ramesh},
  journal={IEEE Transactions on Antennas and Propagation},
  volume={34},
  number={10},
  pages={1208--1213},
  year={1986},
  publisher={IEEE}
}

@article{gcmRect,
  title={Rectangular ring and H-shaped microstrip antennas -- Alternatives to rectangular patch antenna},
  author={Palanisamy, V and Garg, R},
  journal={Electronics Letters},
  volume={21},
  number={19},
  pages={874--876},
  year={1985},
  publisher={IET}
}

@article{gcmCircPol,
  title={Analysis of circularly polarized square ring and crossed-strip microstrip antennas},
  author={Palanisamy, V and Garg, RAMESH},
  journal={IEEE transactions on antennas and propagation},
  volume={34},
  number={11},
  pages={1340--1346},
  year={1986},
  publisher={IEEE}
}

@inproceedings{multiport01,
  title={Multiport network modeling approach for computer aided design of microstrip patches and arrays},
  author={Gupta, K},
  booktitle={1987 Antennas and Propagation Society International Symposium},
  volume={25},
  pages={786--789},
  year={1987},
  organization={IEEE}
}

@article{multiport02,
  title={Multiport network model and transmission characteristics of two-port rectangular microstrip patch antennas},
  author={Benalla, Abdelaziz and Gupta, Kuldip C},
  journal={IEEE transactions on antennas and propagation},
  volume={36},
  number={10},
  pages={1337--1342},
  year={1988},
  publisher={IEEE}
}

@ARTICLE{mpaReview1992,
author={D. M. {Pozar}},
journal={Proceedings of the IEEE},
title={Microstrip antennas},
year={1992},
volume={80},
number={1},
pages={79-91},
keywords={antenna radiation patterns;antenna theory;microstrip antennas;microwave antenna arrays;reviews;antenna theory;microstrip antennas;antenna technology;electrical performance;manufacturability;analytical modeling;arrays;Microstrip antennas;Microstrip antenna arrays;Radar antennas;Microwave antenna arrays;Airborne radar;Radar applications;Radar remote sensing;Dielectric substrates;Antenna feeds;Aircraft navigation},
doi={10.1109/5.119568},
ISSN={0018-9219},
month={Jan}
}

@book{handbook,
  title={Microstrip antenna design handbook},
  author={Garg, Ramesh and Bhartia, Prakash and Bahl, Inder J and Ittipiboon, Apisak},
  year={2001},
  publisher={Artech house}
}

@article{FWfreq01,
  title={Radiation and scattering from a microstrip patch on a uniaxial substrate},
  author={Pozar, D M},
  journal={IEEE Transactions on Antennas and Propagation},
  volume={35},
  number={6},
  pages={613--621},
  year={1987},
  publisher={IEEE}
}

@article{FWfreqZin,
  title={Input impedance of microstrip antennas},
  author={Deshpande, M and Bailey, M},
  journal={IEEE Transactions on antennas and propagation},
  volume={30},
  number={4},
  pages={645--650},
  year={1982},
  publisher={IEEE}
}

@incollection{mpaDynamicMdlMPIE,
  title={A dynamical radiation model for microstrip structures},
  author={Mosig, Juan R and Gardiol, Fred E},
  booktitle={Advances in electronics and electron physics},
  volume={59},
  pages={139--237},
  year={1982},
  publisher={Elsevier}
}

@book{fdtdBook,
  title={The finite difference time domain method for electromagnetics},
  author={Kunz, Karl S and Luebbers, Raymond J},
  year={1993},
  publisher={CRC press},
  address={London, England}
}

@article{compElectrodynFDTD,
  title={Computational electrodynamics: the finite-difference time-domain method},
  author={Taflove, Allen and Hagness, Susan C},
  year={2005},
  publisher={Artech House},
  address={Boston, USA}
}

@incollection{practGuide3D,
  title={A practical guide to 3D electromagnetic software tools},
  author={Vandenbosch, Guy A E and Vasylchenko, Alexander},
  booktitle={Microstrip Antennas},
  year={2011},
  publisher={InTech}
}

@book{numericalbook,
  title={Numerical techniques for microwave and millimeter-wave passive structures},
  editor={T. Itoh},
  year={1989},
  publisher={Wiley \& Sons},
  addres={New York, USA}
}

@article{HPatch1,
  title={Analysis of an H-shaped patch antenna by using the FDTD method},
  author={Gao, S-C and Li, L-W and Leong, M-S and Yeo, Tat Soon},
  journal={Progress In Electromagnetics Research},
  volume={34},
  pages={165--187},
  year={2001},
  publisher={EMW Publishing}
}

@article{uslot1,
  title={A practical miniaturized U-slot patch antenna with enhanced bandwidth},
  author={Khodae, G F and Nourinia, Javad and Ghobadi, Changiz},
  journal={Progress in Electromagnetics Research},
  volume={3},
  pages={47--62},
  year={2008},
  publisher={Citeseer}
}

@ARTICLE{dualBandCircPol,
author={Nasimuddi and Z. N. {Chen} and X. {Qing}},
journal={IEEE Transactions on Antennas and Propagation},
title={Dual-Band Circularly Polarized $S$-Shaped Slotted Patch Antenna With a Small Frequency-Ratio},
year={2010},
volume={58},
number={6},
pages={2112-2115},
}

@article{dualBandWLAN,
  title={Compact dual-band microstrip antenna for IEEE 802.11 a WLAN application},
  author={Chakraborty, U and Kundu, A and Chowdhury, SK and Bhattacharjee, AK},
  journal={IEEE antennas and wireless propagation letters},
  volume={13},
  pages={407--410},
  year={2014},
  publisher={IEEE}
}

@article{fractal1,
  title={On the behavior of the Sierpinski multiband fractal antenna},
  author={Puente-Baliarda, Carles and Romeu, Jordi and Pous, Rafael and Cardama, Angel},
  journal={IEEE Transactions on Antennas and propagation},
  volume={46},
  number={4},
  pages={517--524},
  year={1998},
  publisher={IEEE}
}

@inproceedings{slottedUWB,
  title={Design of a microstrip square-ring slot antenna filled by an H-shape slot for UWB applications},
  author={Sadat, Saeed and Javan, SDS and others},
  booktitle={2007 IEEE Antennas and Propagation Society International Symposium},
  pages={705--708},
  year={2007},
  organization={IEEE}
}

@article{bandnotchCSRR1,
  title={Band-notched design for UWB antennas},
  author={Chang, The-Nan and Wu, Min-Chi},
  journal={IEEE Antennas and Wireless Propagation Letters},
  volume={7},
  pages={636--640},
  year={2008},
  publisher={IEEE}
}

@article{bandnotchEBG1,
  title={Design of a band-notched UWB monopole antenna by means of an EBG structure},
  author={Yazdi, Mohammad and Komjani, Nader},
  journal={IEEE Antennas and Wireless Propagation Letters},
  volume={10},
  pages={170--173},
  year={2011},
  publisher={IEEE}
}

@article{dualBandPatch1,
  title={Single-layer dual frequency patch antenna},
  author={Maci, Stefano and Gentili, G Biffi and Avitabile, G},
  journal={Electronics Letters},
  volume={29},
  number={16},
  pages={1441--1443},
  year={1993},
  publisher={IET}
}

@INPROCEEDINGS{SlottedPatchModel,
author={M. {Tariqul Islam} and M. {Nazmus Shakib} and N. {Misran} and B. {Yatim}},
booktitle={Proceedings of the 2008 11th International Conference on Computer and Information Technology},
title={Analysis of broadband slotted microstrip patch antenna},
year={2008},
volume={},
number={},
pages={758-761},
}

@article{spiralSlotGnd,
  title={Miniaturised zeroth-order antenna on spiral slotted ground plane},
  author={Baek, S and Lim, S},
  journal={Electronics letters},
  volume={45},
  number={20},
  pages={1012--1014},
  year={2009},
  publisher={IET}
}

@article{GndSRRPatch,
  title={Design and analysis of a meandered multiband antenna based on split ring resonator},
  author={Sharma, Ashish and Gupta, Surendra K and Kanaujia, Binod K and Pandey, Ganga P and Sharma, Manish},
  journal={Microwave and Optical Technology Letters},
  volume={55},
  number={11},
  pages={2787--2795},
  year={2013},
  publisher={Wiley Online Library}
}

@ARTICLE{srrMath,
author={J. D. {Baena} and J. {Bonache} and F. {Martin} and R. M. {Sillero} and F. {Falcone} and T. {Lopetegi} and M. A. G. {Laso} and J. {Garcia-Garcia} and I. {Gil} and M. F. {Portillo} and M. {Sorolla}},
journal={IEEE Transactions on Microwave Theory and Techniques},
title={Equivalent-circuit models for split-ring resonators and complementary split-ring resonators coupled to planar transmission lines},
year={2005},
volume={53},
number={4},
pages={1451-1461},
}

@article{PSA1,
  title={Experimental studies of printed wide-slot antenna for wide-band applications},
  author={Liu, YF and Lau, KL and Xue, Q and Chan, CH},
  journal={IEEE Antennas and Wireless Propagation Letters},
  volume={3},
  number={1},
  pages={273--275},
  year={2004}
}

@article{PMA01,
  title={Design aspects of printed monopole antennas for ultra-wide band applications},
  author={Ray, Kamala Prasan},
  journal={International Journal of Antennas and Propagation},
  volume={2008},
  year={2008},
  pages={1--8},
  publisher={Hindawi}
}

@article{slotAnalysis,
  title={A short open-end slot antenna with equivalent circuit analysis},
  author={Wang, Yu-Shin and Chung, Shyh-Jong},
  journal={IEEE Transactions on Antennas and Propagation},
  volume={58},
  number={5},
  pages={1771--1775},
  year={2010},
  publisher={IEEE}
}

@ARTICLE{pmaCSRR,
author={F. J. {Herraiz-Martinez} and G. {Zamora} and F. {Paredes} and F. {Martin} and J. {Bonache}},
journal={IEEE Antennas and Wireless Propagation Letters},
title={Multiband Printed Monopole Antennas Loaded With OCSRRs for PANs and WLANs},
year={2011},
volume={10},
number={},
pages={1528-1531},
}

@incollection{cadNASA,
  title={Automated antenna design with evolutionary algorithms},
  author={Hornby, Gregory and Globus, Al and Linden, Derek and Lohn, Jason},
  booktitle={Space 2006},
  pages={7242},
  year={2006}
}

@inproceedings{cadNASA2,
  title={Evolutionary design of an X-band antenna for NASA's space technology 5 mission},
  author={Lohn, Jason D and Linden, Derek S and Hornby, Gregory S and Kraus, William F},
  booktitle={IEEE Antennas and Propagation Society Symposium, 2004.},
  volume={3},
  pages={2313--2316},
  year={2004},
  organization={IEEE}
}

@article{compCAD4Arry,
  title={A comparison of genetic algorithms, particle swarm optimization and the differential evolution method for the design of scannable circular antenna arrays},
  author={Panduro, Marco A and Brizuela, Carlos A and Balderas, Luz I and Acosta, Diana A},
  journal={Progress In Electromagnetics Research},
  volume={13},
  pages={171--186},
  year={2009},
  publisher={EMW Publishing}
}

@book{optAlgBGAbook,
  title={Practical genetic algorithms},
  author={Haupt, Randy L and Haupt, Sue Ellen},
  year={2004},
  publisher={John Wiley \& Sons}
}

@book{optAlgEMbook,
  title={Genetic algorithms in electromagnetics},
  author={Haupt, Randy L and Werner, Douglas H},
  year={2007},
  publisher={John Wiley \& Sons}
}

@inproceedings{optAlgBPSO,
  title={A discrete binary version of the particle swarm algorithm},
  author={Kennedy, James and Eberhart, Russell C},
  booktitle={1997 IEEE International conference on systems, man, and cybernetics. Computational cybernetics and simulation},
  volume={5},
  pages={4104--4108},
  year={1997},
  organization={IEEE}
}

% arraySynth1 is same as optAlgBoolPSO4Arry. Hence optAlgBoolPSO4Arry is commented

%@article{optAlgBoolPSO4Arry,
%  title={Application of Boolean PSO with adaptive velocity mutation to the design of optimal linear antenna arrays excited by uniformamplitude current distribution},
%  author={Zaharis, Z D and Goudos, S K and Yioultsis, T V},
%  journal={Journal of Electromagnetic Waves and Applications},
%  volume={25},
%  number={10},
%  pages={1422--1436},
%  year={2011},
%  publisher={Taylor \& Francis}
%}

@inproceedings{OptAlgBoolPSO4Ant,
  title={Boolean particle swarm optimization and its application to the design of a dual-band dual-polarized planar antenna},
  author={Marandi, Alireza and Afshinmanesh, Farzaneh and Shahabadi, Mahmoud and Bahrami, Fariba},
  booktitle={2006 IEEE International Conference on Evolutionary Computation},
  pages={3212--3218},
  year={2006},
  organization={IEEE}
}

@INPROCEEDINGS{optAlgBinDE,
author={G. {Pampara} and A. P. {Engelbrecht} and N. {Franken}},
booktitle={2006 IEEE International Conference on Evolutionary Computation},
title={Binary Differential Evolution},
year={2006},
volume={},
number={},
pages={1873-1879},
}

@article{optAlgModBinDE,
  title={A novel modified binary differential evolution algorithm and its applications},
  author={Wang, Ling and Fu, Xiping and Mao, Yunfei and Menhas, Muhammad Ilyas and Fei, Minrui},
  journal={Neurocomputing},
  volume={98},
  pages={55--75},
  year={2012},
  publisher={Elsevier}
}

@article{optAlgDE4AntennaRev,
  title={Antenna Design Using Binary Differential Evolution: Application to discrete-valued design problems.},
  author={Goudos, Sotirios},
  journal={IEEE antennas and propagation magazine},
  volume={59},
  number={1},
  pages={74--93},
  year={2017},
  publisher={IEEE}
}

@article{antSurrD01,
  title={An efficient method for antenna design optimization based on evolutionary computation and machine learning techniques},
  author={Liu, Bo and Aliakbarian, Hadi and Ma, Zhongkun and Vandenbosch, Guy AE and Gielen, Georges and Excell, Peter},
  journal={IEEE transactions on antennas and propagation},
  volume={62},
  number={1},
  pages={7--18},
  year={2014},
  publisher={IEEE}
}

@inproceedings{surrMTM01,
  title={Surrogate-assisted optimization of metamaterial devices for advanced antenna systems},
  author={Tenuti, Lorenza and Salucci, Marco and Oliveri, Giacomo and Rocca, Paolo and Massa, Andrea},
  booktitle={2015 IEEE Symposium Series on Computational Intelligence},
  pages={1154--1156},
  year={2015},
  organization={IEEE}
}

@article{antSurrConstMO,
  title={Constrained multi-objective antenna design optimization using surrogates},
  author={Singh, Prashant and Rossi, Marco and Couckuyt, Ivo and Deschrijver, Dirk and Rogier, Hendrik and Dhaene, Tom},
  journal={International Journal of Numerical Modelling: Electronic Networks, Devices and Fields},
  volume={30},
  number={6},
  pages={e2248},
  year={2017},
  publisher={Wiley Online Library}
}

@book{simDrivOptBook,
  title={Antenna design by simulation-driven optimization},
  author={Koziel, Slawomir and Ogurtsov, Stanislav},
  year={2014},
  publisher={Springer}
}

@article{UwbPmaGaFdtd,
  title={Design of an ultra wide-band printed monopole antenna using FDTD and genetic algorithm},
  author={Kim, Jeongpyo and Yoon, Taeyeoul and Kim, Jaemoung and Choi, Jaehoon},
  journal={IEEE Microwave and Wireless Components Letters},
  volume={15},
  number={6},
  pages={395--397},
  year={2005},
  publisher={IEEE}
}

@ARTICLE{UwbPmaCM,
author={W. {Wu} and Y. P. {Zhang}},
journal={IEEE Antennas and Propagation Magazine},
title={Analysis of Ultra-Wideband Printed Planar Quasi-Monopole Antennas Using the Theory of Characteristic Modes},
year={2010},
volume={52},
number={6},
pages={67-77},
}

@ARTICLE{LossyFilter,
author={D. {Kajfez}},
journal={IEEE Transactions on Microwave Theory and Techniques},
title={Deembedding of lossy Foster networks},
year={2005},
volume={53},
number={10},
pages={3199-3205},
doi={10.1109/TMTT.2005.855143},
ISSN={},
month={Oct}
}

@article{Broadband_EqCkt,
  doi = {10.1002/mop.21529},
  year = {2006},
  publisher = {Wiley},
  volume = {48},
  number = {5},
  pages = {950--953},
  author = {Youngwook Kim and Hao Ling},
  title = {Equivalent circuit modeling of broadband antennas using a rational function approximation},
  journal = {Microwave and Optical Technology Letters}
}

@article{rectEqCkt,
  doi = {10.2528/pierb08050403},
  year = {2008},
  publisher = {{EMW} Publishing},
  volume = {8},
  pages = {77--86},
  author = {Mohammadali Ansarizadeh and Ayaz Ghorbani and Raed A. Abd-Alhameed},
  title = {An approach to equivalent circuit modeling of rectangular microstrip antennas},
  journal = {Progress In Electromagnetics Research B}
}

@article{RectEqCkt-der,
  doi = {10.1049/ip-h-2.1988.0066},
  year = {1988},
  publisher = {Institution of Engineering and Technology ({IET})},
  volume = {135},
  number = {5},
  pages = {323},
  author = {F. Abboud and J.P. Damiano and A. Papiernik},
  title = {Simple model for the input impedance of coax-fed rectangular microstrip patch antenna for cad},
  journal = {{IEE} Proceedings H Microwaves,  Antennas and Propagation}
}

@article{Bode_network,
  title={Network analysis and feedback amplifier design},
  author={Bode, Hendrik W and others},
  year={1945},
  publisher={van Nostrand New York}
}

@article{Fano_BW,
  doi = {10.1016/0016-0032(50)90006-8},
  year = {1950},
  month = jan,
  publisher = {Elsevier {BV}},
  volume = {249},
  number = {1},
  pages = {57--83},
  author = {R.M. Fano},
  title = {Theoretical limitations on the broadband matching of arbitrary impedances},
  journal = {Journal of the Franklin Institute}
}

@inproceedings{Fano_BW_Antenna,
  doi = {10.1109/rfm.2006.331071},
  year = {2006},
  month = sep,
  publisher = {{IEEE}},
  author = {A. Ghorbani and M. A. Ansarizadeh and N. J. McEwan and Raed A. Abd-alhameed and D. Zhou},
  title = {The Bode-Fano Integrals as an Objective Measure of Antenna Bandwidth Reflection Coefficient Product Limit},
  booktitle = {2006 International {RF} and Microwave Conference}
}

@article{Antenna_Resonance_Model,
  doi = {10.2528/pier06033003},
  year = {2006},
  publisher = {{EMW} Publishing},
  volume = {62},
  pages = {1--20},
  author = {Mats Gustafsson and Sven Nordebo},
  title = {Bandwidth, Q factor, and resonance models of antennas},
  journal = {Progress In Electromagnetics Research}
}

@article{UwbEqCktMethod,
  doi = {10.1109/jsac.2005.863873},
  year = {2006},
  month = apr,
  publisher = {Institute of Electrical and Electronics Engineers ({IEEE})},
  volume = {24},
  number = {4},
  pages = {871--877},
  author = {S.B.T. Wang and A.M. Niknejad and R.W. Brodersen},
  title = {Circuit modeling methodology for {UWB} omnidirectional small antennas},
  journal = {{IEEE} Journal on Selected Areas in Communications}
}

@article{UwbPmaEqCkt1,
  doi = {10.2528/pier08032303},
  year = {2008},
  publisher = {{EMW} Publishing},
  volume = {82},
  pages = {433--445},
  author = {Yong Wang and Jiazi Li and Li-Xin Ran},
  title = {An Equivalent Circuit Modeling Method for Ultra-Wideband Antennas},
  journal = {Progress In Electromagnetics Research}
}

@article{UwbPmaEqCkt2,
  doi = {10.1088/1755-1315/16/1/012073},
  year = {2013},
  month = jun,
  publisher = {{IOP} Publishing},
  volume = {16},
  pages = {012073},
  author = {Oon Kheng Heong and Goh Chin Hock and Chandan Kumar Chakrabarty and Goh Tian Hock},
  title = {Generalized equivalent circuit model for ultra wideband antenna structure with double steps for energy scavenging},
  journal = {{IOP} Conference Series: Earth and Environmental Science}
}

@article{UwbPmaEqCkt3,
  doi = {10.2528/pier12120604},
  year = {2013},
  publisher = {{EMW} Publishing},
  volume = {136},
  pages = {409--419},
  author = {Guihong Li and Huiqing Zhai and Tong Li and Xiao Yan Ma and Chang-Hong Liang},
  title = {Design of a Compact {UWB} Anenna Integrated with {GSM/WCDMA/WLAN} Bands},
  journal = {Progress In Electromagnetics Research}
}

@article{UwbPmaEqCkt4,
  doi = {10.1016/j.aeue.2016.11.023},
  year = {2017},
  month = feb,
  publisher = {Elsevier {BV}},
  volume = {72},
  pages = {79--85},
  author = {Mohammad Alibakhshikenari and Ernesto Limiti and Mohammad Naser-Moghadasi and Bal S. Virdee and R.A. Sadeghzadeh},
  title = {A new wideband planar antenna with band-notch functionality at {GPS},  Bluetooth and {WiFi} bands for integration in portable wireless systems},
  journal = {{AEU} - International Journal of Electronics and Communications}
}

@article{UwbNotchEqCkt,
  doi = {10.1109/tap.2007.904137},
  year = {2007},
  month = sep,
  publisher = {Institute of Electrical and Electronics Engineers ({IEEE})},
  volume = {55},
  number = {9},
  pages = {2473--2479},
  author = {Tzyh-Ghuang Ma and Sung-Jung Wu},
  title = {Ultrawideband Band-Notched Folded Strip Monopole Antenna},
  journal = {{IEEE} Transactions on Antennas and Propagation}
}

@INPROCEEDINGS{PmaCpwAnalysis,
author={C. {Laohapensaeng} and C. {Free} and I. D. {Robertson}},
booktitle={2005 Asia-Pacific Microwave Conference Proceedings},
title={Simplified analysis of printed strip monopole antenna fed by a CPW},
year={2005},
volume={5},
number={},
pages={4 pp.-},
}

@article{txmPMA,
author = {Bhattacharjee, S. and Kshetrimayum, R. S. and Bhattacharjee, R.},
title = {On the equivalent circuit, input impedance, reflection coefficient, and bandwidth of printed monopole antenna},
journal = {Microwave and Optical Technology Letters},
volume = {57},
number = {7},
pages = {1535-1538},
year = {2015}
}

@ARTICLE{refPrintAntGain,
author={D. {Jackson} and N. {Alexopoulos}},
journal={IEEE Transactions on Antennas and Propagation},
title={Gain enhancement methods for printed circuit antennas},
year={1985},
volume={33},
number={9},
pages={976-987},
}

@ARTICLE{mpaGreen01,
   author = {J.R. {Mosig} and F.E. {Gardiol}},
   title = {Analytical and numerical techniques in the Green's function treatment of microstrip antennas and scatterers},
   journal = {IEE Proceedings H (Microwaves, Optics and Antennas)},
   no = {2},
   volume = {130},
   year = {1983},
   pages = {175-182(7)},
}

@inproceedings{exactGreen4MPA,
  title={Exact Green Functions for Microstrip Antenna Analysis},
  author={Lindell, Ismo v and Nikoskinen, Keijo I and Hujanen, Arto T},
  booktitle={1988 18th European Microwave Conference},
  pages={1063--1068},
  year={1988},
  organization={IEEE}
}

@incollection{planarCktAnalysis,
  title={Planar circuit analysis},
  author={Gupta, K C},
  booktitle={Numerical Techniques for Microwave and Millimeter-wave Passive Circuit},
  editor={T. Itoh},
  pages={214--333},
  year={1989},
  publisher={John Wiley \& Sons}
}

@article{pmaGreen01,
  title={Derivation of potential Green functions for ungrounded dielectric slab and its application in full wave analysis of PMAs},
  author={Bhattacharjee, S and Kshetrimayum, RS and Bhattacharjee, R},
  journal={Journal of Electromagnetic Waves and Applications},
  volume={29},
  number={16},
  pages={2242--2256},
  year={2015},
  publisher={Taylor \& Francis}
}

@ARTICLE{smallPatch0,
author={R. {Waterhouse}},
journal={Electronics Letters},
title={Small microstrip patch antenna},
year={1995},
volume={31},
number={8},
pages={604-605},
}

@article{BandSize0,
author={S. I. {Latif} and L. {Shafai} and S. K. {Sharma}},
journal={IEEE Transactions on Antennas and Propagation},
title={Bandwidth enhancement and size reduction of microstrip slot antennas},
year={2005},
volume={53},
number={3},
pages={994-1003},
}

@ARTICLE{rcs1992,
author={D. M. {Pozar}},
journal={IEEE Microwave and Guided Wave Letters},
title={RCS reduction for a microstrip antenna using a normally biased ferrite substrate},
year={1992},
volume={2},
number={5},
pages={196-198},
}

@ARTICLE{rcs2014,
author={C. M. {Dikmen} and S. {Cimen} and G. {Cakir}},
journal={IEEE Transactions on Antennas and Propagation},
title={Planar Octagonal-Shaped UWB Antenna With Reduced Radar Cross Section},
year={2014},
volume={62},
number={6},
pages={2946-2953},
}

@ARTICLE{rcs2016,
author={Y. {Liu} and Y. {Hao} and K. {Li} and S. {Gong}},
journal={IEEE Antennas and Wireless Propagation Letters},
title={Radar Cross Section Reduction of a Microstrip Antenna Based on Polarization Conversion Metamaterial},
year={2016},
volume={15},
number={},
pages={80-83},
}

@article{CompFeed01,
  title={A compact single layer monopulse microstrip antenna array},
  author={Wang, Hao and Fang, Da-Gang and Chen, XG},
  journal={IEEE Transactions on antennas and propagation},
  volume={54},
  number={2},
  pages={503--509},
  year={2006},
  publisher={IEEE}
}

@ARTICLE{CompFeed02,
author={Y. J. {Cheng} and Y. X. {Guo} and Z. G. {Liu}},
journal={IEEE Transactions on Antennas and Propagation},
title={W-Band Large-Scale High-Gain Planar Integrated Antenna Array},
year={2014},
volume={62},
number={6},
pages={3370-3373},
}

@ARTICLE{mcEBG,
author={H. S. {Farahani} and M. {Veysi} and M. {Kamyab} and A. {Tadjalli}},
journal={IEEE Antennas and Wireless Propagation Letters},
title={Mutual Coupling Reduction in Patch Antenna Arrays Using a UC-EBG Superstrate},
year={2010},
volume={9},
number={},
pages={57-59},
}

@ARTICLE{mcFSRR,
author={A. {Habashi} and J. {Nourinia} and C. {Ghobadi}},
journal={IEEE Antennas and Wireless Propagation Letters},
title={Mutual Coupling Reduction Between Very Closely Spaced Patch Antennas Using Low-Profile Folded Split-Ring Resonators (FSRRs)},
year={2011},
volume={10},
number={},
pages={862-865},
}

@ARTICLE{mcCSRR,
author={M. M. {Bait-Suwailam} and O. F. {Siddiqui} and O. M. {Ramahi}},
journal={IEEE Antennas and Wireless Propagation Letters},
title={Mutual Coupling Reduction Between Microstrip Patch Antennas Using Slotted-Complementary Split-Ring Resonators},
year={2010},
volume={9},
number={},
pages={876-878},
}

@INPROCEEDINGS{mimoSRR,
author={M. M. {Bait Suwailam} and M. S. {Boybay} and O. M. {Ramahi}},
booktitle={2009 13th International Symposium on Antenna Technology and Applied Electromagnetics and the Canadian Radio Science Meeting},
title={Mutual coupling reduction in MIMO antennas using artificial magnetic materials},
year={2009},
volume={},
number={},
pages={1-4},
}

@ARTICLE{mimoRenonf,
author={S. {Soltani} and R. D. {Murch}},
journal={IEEE Transactions on Antennas and Propagation},
title={A Compact Planar Printed MIMO Antenna Design},
year={2015},
volume={63},
number={3},
pages={1140-1149},
}

@INPROCEEDINGS{spa01,
author={T. {Ohira} and K. {Gyoda}},
booktitle={Proceedings 2000 IEEE International Conference on Phased Array Systems and Technology (Cat. No.00TH8510)},
title={Electronically steerable passive array radiator antennas for low-cost analog adaptive beamforming},
year={2000},
volume={},
number={},
pages={101-104},
}

@ARTICLE{spaMems,
author={L. {Petit} and L. {Dussopt} and J. -. {Laheurte}},
journal={IEEE Transactions on Antennas and Propagation},
title={MEMS-Switched Parasitic-Antenna Array for Radiation Pattern Diversity},
year={2006},
volume={54},
number={9},
pages={2624-2631},
}

@article{mtmReview1,
  title={Multiband, frequency reconfigurable, and metamaterial antennas design techniques: Present and future research directions},
  author={Ali, Tanweer and Pathan, Sameena and Biradar, Rajashekhar C},
  journal={Internet Technology Letters},
  volume={1},
  number={6},
  pages={e19},
  year={2018},
  publisher={Wiley Online Library}
}

@ARTICLE{mtmReview2,
author={M. {Fallahpour} and R. {Zoughi}},
journal={IEEE Antennas and Propagation Magazine},
title={Antenna Miniaturization Techniques: A Review of Topology- and Material-Based Methods},
year={2018},
volume={60},
number={1},
pages={38-50},
keywords={antenna radiation patterns;dipole antennas;fractal antennas;Q-factor;form factor;antenna miniaturization techniques;Q factor;matching properties;radiation quality factor;impedance bandwidth;Loaded antennas;Fractals;Topology;Resonant frequency;Microstrip antennas;Dipole antennas},
doi={10.1109/MAP.2017.2774138},
ISSN={1045-9243}
}

% arraySynth1 is same as optAlgBoolPSO4Arry. Hence optAlgBoolPSO4Arry is commented

@article{arraySynth1,
  title={Application of Boolean PSO with adaptive velocity mutation to the design of optimal linear antenna arrays excited by uniformamplitude current distribution},
  author={Zaharis, Z D and Goudos, S K and Yioultsis, T V},
  journal={Journal of Electromagnetic Waves and Applications},
  volume={25},
  number={10},
  pages={1422--1436},
  year={2011},
  publisher={Taylor \& Francis}
}

@inproceedings{arraySynth2,
  title={Sidelobe level and sideband suppression in time-modulated linear arrays by NSGA-II},
  author={Zhang, Cheng and Qing, Anyong},
  booktitle={2017 IEEE International Symposium on Antennas and Propagation \& USNC/URSI National Radio Science Meeting},
  pages={531--532},
  year={2017},
  organization={IEEE}
}

@inproceedings{arraySynth3,
  title={Linear array optimization using teaching learning based optimization},
  author={Chakravarthy, VVSSS and Babu, K Naveen and Suresh, S and Devi, P Chaya and Rao, P Mallikarjuna},
  booktitle={Emerging ICT for Bridging the Future-Proceedings of the 49th Annual Convention of the Computer Society of India CSI Volume 2},
  pages={183--190},
  year={2015},
  organization={Springer}
}

@article{arraySynth4,
  title={Sidelobe-level suppression for linear and circular antenna arrays via the cuckoo search--chicken swarm optimisation algorithm},
  author={Liang, Shuang and Feng, Tie and Sun, Geng},
  journal={IET Microwaves, Antennas \& Propagation},
  volume={11},
  number={2},
  pages={209--218},
  year={2017},
  publisher={IET}
}

@article{arrayThin1,
  title={Synthesis of thinned planar concentric circular antenna arrays--a differential evolutionary approach},
  author={Ghosh, Pradipta and Das, Swagatam},
  journal={Progress In Electromagnetics Research B},
  volume={29},
  pages={63--82},
  year={2011},
  publisher={Citeseer}
}

@article{arrayThin2,
  title={A novel binary spider monkey optimization algorithm for thinning of concentric circular antenna arrays},
  author={Singh, Urvinder and Salgotra, Rohit and Rattan, Munish},
  journal={IETE Journal of Research},
  volume={62},
  number={6},
  pages={736--744},
  year={2016},
  publisher={Taylor \& Francis}
}

@article{arrayThin3,
  title={A novel binary butterfly mating optimization algorithm with subarray strategy for thinning of large antenna array},
  author={Wu, Huaning and Liu, Chao and Li, Bin and Xie, Xu},
  journal={Progress In Electromagnetics Research},
  volume={60},
  pages={101--110},
  year={2017},
  publisher={EMW Publishing}
}

@article{antSoftAppReview,
  title={Implementation of soft computing optimization techniques in antenna engineering [antenna applications corner]},
  author={Choudhury, Balamati and Thomas, Susan and Jha, Rakesh Mohan},
  journal={IEEE Antennas and Propagation Magazine},
  volume={57},
  number={6},
  pages={122--131},
  year={2015},
  publisher={IEEE}
}

@article{optPatch,
  title={Design of a novel compact broadband patch antenna using binary PSO},
  author={Wang, NZ and Wang, XB and Xu, JD},
  journal={Microwave and Optical Technology Letters},
  volume={54},
  number={2},
  pages={434--438},
  year={2012},
  publisher={Wiley Online Library}
}

@article{optMtm,
  title={Synthesis design of artificial magnetic metamaterials using a genetic algorithm},
  author={Chen, PY and Chen, CH and Wang, H and Tsai, JH and Ni, Wei-Xin},
  journal={Optics express},
  volume={16},
  number={17},
  pages={12806--12818},
  year={2008},
  publisher={Optical Society of America}
}

@article{optMtmAnt,
  title={Particle swarm optimization for multiband metamaterial fractal antenna},
  author={Choudhury, Balamati and Manickam, Sangeetha and Jha, RM},
  journal={Journal of Optimization},
  volume={2013},
  year={2013},
  publisher={Hindawi Publishing Corporation}
}

@article{optFract,
  title={Design of Custom-Made Fractal Multi-Band Antennas Using ANN-PSO [Antenna Designer's Notebook]},
  author={Patnaik, A and Sinha, SN and others},
  journal={IEEE Antennas and Propagation Magazine},
  volume={53},
  number={4},
  pages={94--101},
  year={2011},
  publisher={IEEE}
}

@article{optPerf,
  title={Optimizing included angle of symmetrical V-dipoles for higher directivity using bacteria foraging optimization algorithm},
  author={Mangaraj, Biswa Binayak and Misra, Iti Saha and Barisal, AK},
  journal={Progress In Electromagnetics Research},
  volume={3},
  pages={295--314},
  year={2008},
  publisher={EMW Publishing}
}

@article{cart2elliptical,
  doi = {10.11648/j.mma.20170204.12},
  year = {2017},
  publisher = {Science Publishing Group},
  volume = {2},
  number = {4},
  pages = {43},
  author = {Che Sun},
  title = {Explicit Equations to Transform from Cartesian to Elliptic Coordinates},
  journal = {Mathematical Modelling and Applications}
}

@ARTICLE{mtm_csrr_eqckt2,
author={R. {Marques} and F. {Mesa} and J. {Martel} and F. {Medina}},
journal={IEEE Transactions on Antennas and Propagation},
title={Comparative analysis of edge- and broadside- coupled split ring resonators for metamaterial design - theory and experiments},
year={2003},
volume={51},
number={10},
pages={2572-2581},
keywords={microwave materials;polarisability;microwave measurement;resonators;nanocomposites;magnetic permeability measurement;edge coupled split ring resonators;broadside coupled split ring resonators;metamaterial design;magnetic polarizability;local field approach;dispersion characteristics;discrete negative magnetic permeability;left-handed metamaterials;Optical ring resonators;Metamaterials;Magnetic materials;Polarization;Permeability;Plasma materials processing;Plasma properties;Dielectrics;Permittivity;Frequency},
doi={10.1109/TAP.2003.817562},
ISSN={},
month={Oct}
}

@ARTICLE{mtm_ebg_eqckt1,
author={B. {Mohajer-Iravani} and O. M. {Ramahi}},
journal={IEEE Transactions on Advanced Packaging},
title={Wideband Circuit Model for Planar EBG Structures},
year={2010},
volume={33},
number={1},
pages={169-179},
doi={10.1109/TADVP.2009.2021156},
month={Feb}
}

@article{mtm_ebg_eqckt2,
  doi = {10.1049/ip-map:20050096},
  year = {2005},
  publisher = {Institution of Engineering and Technology ({IET})},
  volume = {152},
  number = {6},
  pages = {434},
  author = {M.F. Karim and A.-Q. Liu and A. Alphones and X.J. Zhang and A.B. Yu},
  title = {{CPW} band-stop filter using unloaded and loaded {EBG} structures},
  journal = {{IEE} Proceedings - Microwaves,  Antennas and Propagation}
}

%Added for IET Resubmission

@article{phy-sur-1,
  doi = {10.2528/pierm14110304},
   year = {2014},
  publisher = {{EMW} Publishing},
  volume = {40},
  pages = {37--44},
  author = {Cristiano Borges De Paula and Daniel Chagas do Nascimento and Ildefonso Bianchi},
  title = {An Efficient Technique for Design of Electrically Thick Differentially-Driven Probe-Fed Microstrip Antennas},
  journal = {Progress In Electromagnetics Research M}
}

@incollection{conforml_mpa_ch,
  doi = {10.5772/53019},
  year = {2013},
  month = mar,
  publisher = {{InTech}},
  author = {Daniel B. and Cristiano B. de Paula and Daniel C.},
  title = {Design Techniques for Conformal Microstrip Antennas and Their Arrays},
  booktitle = {Advancement in Microstrip Antennas with Recent Applications}
}

@inproceedings{txm_opt,
  title={Evolutionary technique based CAD model for microstrip antenna synthesis},
  author={Nanda, Sambhudutta and Das, Chandraneel and Sahu, PK and Mishra, RK},
  booktitle={TENCON 2017-2017 IEEE Region 10 Conference},
  pages={1602--1605},
  year={2017},
  organization={IEEE}
}

@article{patch_feed_ga,
  title={Optimization and analysis of high gain wideband microstrip patch antenna using genetic algorithm},
  author={Mishra, Raj Gaurav and Mishra, Ranjan and Kuchhal, Piyush and Kumari, N Prasanthi},
  journal={International Journal of Engineering \& Technology},
  volume={7},
  number={1.5},
  pages={176--179},
  year={2018}
}

@article{nonuniform_overlaping_ga,
  title={Nonuniform overlapping method in designing microstrip patch antennas using genetic algorithm optimization},
  author={Jayasinghe, JM and Anguera, Jaume and Uduwawala, Disala N and And{\'u}jar, Aurora},
  journal={International Journal of Antennas and Propagation},
  volume={2015},
  year={2015},
  publisher={Hindawi}
}

@article{fractal_bowtie_ga,
  title={Sierpinski Bow-Tie antenna with genetic algorithm},
  author={Behera, Bikash Ranjan},
  journal={Engineering Science and Technology, an International Journal},
  volume={20},
  number={2},
  pages={775--782},
  year={2017},
  publisher={Elsevier}
}

@inproceedings{compCAD4Ant,
  title={Examination of PSO, GA-PSO and ACO algorithms for the design optimization of printed antennas},
  author={Akila, M and Anusha, P and Sindhu, M and Selvan, Krishnasamy T},
  booktitle={2017 IEEE Applied Electromagnetics Conference (AEMC)},
  pages={1--2},
  year={2017},
  organization={IEEE}
}

@inproceedings{opt_pifa_ga,
  title={Novel Miniaturized Multiband and Wideband PIFA Antenna for Wireless Applications},
  author={Wakrim, L and Ibnyaich, S and Hassani, MM},
  booktitle={3rd International Conference on Automation, Control, Engineering and Computer Science},
  pages={3--6},
  year={2016}
}

@article{opt_pifa_ga_2,
  title={A novel multiband miniature planar inverted F antenna design for bluetooth and WLAN applications},
  author={Jayasinghe, JM and Uduwawala, Disala},
  journal={International Journal of Antennas and Propagation},
  volume={2015},
  year={2015},
  publisher={Hindawi}
}


@article{auto_opt_matlab,
  title={An Automated Optimization Technique of a MSPA for Broadband Communication},
  author={Noor, Ali Owda Abid},
  journal={Engineering and Technology Journal},
  volume={33},
  number={2 Part (A) Engineering},
  year={2015},
  publisher={University of Technology}
}

@article{mpa_triband_opt,
  title={Design and optimization of a CPW-fed tri-band patch antenna using genetic algorithms},
  author={Fertas, K and Kimouche, H and Challal, M and Aksas, H and Aksas, R and Azrar, A},
  journal={ACES-Applied Computational Electromagnetics Society Journal},
  volume={30},
  number={7},
  year={2015}
}

@inproceedings{opt_multiband_ga,
  title={An optimized shaped antenna for multiband applications using Genetic Algorithm},
  author={Fertas, K and Kimouche, H and Challal, M and Aksas, H and Aksas, R},
  booktitle={2015 4th International Conference on Electrical Engineering (ICEE)},
  pages={1--4},
  year={2015},
  organization={IEEE}
}

@article{patch_miniaturize_ga,
  title={Genetic algorithm optimization for microstrip patch antenna miniaturization},
  author={Lamsalli, Mohammed and El Hamichi, Abdelouahab and Boussouis, Mohamed and Touhami, Naima Amar and Elhamadi, Tajeddin},
  journal={Progress In Electromagnetics Research Letters},
  volume={60},
  pages={113--120},
  year={2016},
  publisher={EMW Publishing}
}

@article{rectpatch_miniaturize_ga,
  title={Using genetic algorithms reduction of rectangular microstrip patches},
  author={Gupta, Ridhi and Gurjar, Sanjay and Kumar, Ashish},
  journal={International Journal of Advanced Research in Computer and Communication Engineering},
  volume={2},
  number={4},
  pages={1643--1646},
  year={2013}
}

@article{ga_em,
  title={Genetic algorithms in engineering electromagnetics},
  author={Johnson, J Michael and Rahmat-Samii, V},
  journal={IEEE Antennas and propagation Magazine},
  volume={39},
  number={4},
  pages={7--21},
  year={1997},
  publisher={IEEE}
}

@article{mpa_multifit_ga,
  title={On the behavior of several fitness functions for genetically optimized microstrip antennas},
  author={Jayasinghe, Jeevani and Anguera Pros, Jaume and Uduwawala, Disala and others},
  journal={International Journal of Scientific World, 2015. Vol. 3, 1},
  year={2015},
  publisher={Science Publishing Corporation}
}


@inproceedings{inset_ga_pso_de,
  title={A comparative study of DE, PSO and BFO for optimisation of Rectangular Microstrip Patch Antenna with inset feed parameter},
  author={Mishra, Sourav and Chattopadyay, Souti and Gangopadhyaya, Malay},
  booktitle={2015 International Conference and Workshop on Computing and Communication (IEMCON)},
  pages={1--7},
  year={2015},
  organization={IEEE}
}


@inproceedings{gain_bw_opt_ga,
  title={Gain and bandwidth optimization of a novel microstrip patch antenna},
  author={Chandran, Parvathy P and Viswasom, Sanoj},
  booktitle={2014 Fourth International Conference on Advances in Computing and Communications},
  pages={315--318},
  year={2014},
  organization={IEEE}
}


@inproceedings{circpol_anfis_ga,
  title={Design and optimization of a circularly polarized microstrip antenna for GPS applications using ANFIS and GA},
  author={Heidari, Abbas Ali and Dadgarnia, Abolfazl},
  booktitle={2011 XXXth URSI General Assembly and Scientific Symposium},
  pages={1--4},
  year={2011},
  organization={IEEE}
}

@article{optEqCkt_ads,
  doi = {10.1049/iet-map.2018.5779},
  year = {2019},
  month = jul,
  publisher = {Institution of Engineering and Technology ({IET})},
  volume = {13},
  number = {9},
  pages = {1373--1381},
  author = {Wasan H. Althubitat Al Amro and Mohamed K. Abdelazeez},
  title = {Analysis and optimisation of super-wideband monopole antenna with tri-band notch using a transmission line model},
  journal = {{IET} Microwaves,  Antennas {\&} Propagation}
}

@article{txm_wideband,
  doi = {10.1049/iet-map.2016.0112},
  year = {2017},
  month = jan,
  publisher = {Institution of Engineering and Technology ({IET})},
  volume = {11},
  number = {1},
  pages = {81--91},
  author = {Ankita Katyal and Ananjan Basu},
  title = {Analysis and optimisation of broadband stacked microstrip antennas using transmission line model},
  journal = {{IET} Microwaves,  Antennas {\&} Propagation}
}

@article{ana_eqckt_ex1,
  doi = {10.1109/tap.2019.2908112},
  year = {2019},
  month = jul,
  publisher = {Institute of Electrical and Electronics Engineers ({IEEE})},
  volume = {67},
  number = {7},
  pages = {4367--4376},
  author = {Ralph M. van Schelven and Daniele Cavallo and Andrea Neto},
  title = {Equivalent Circuit Models of Finite Slot Antennas},
  journal = {{IEEE} Transactions on Antennas and Propagation}
}

@article{ana_eqckt_ex2,
  doi = {10.1049/iet-map.2017.0845},
  year = {2018},
  month = feb,
  publisher = {Institution of Engineering and Technology ({IET})},
  volume = {12},
  number = {2},
  pages = {246--253},
  author = {Ankang Liu and Yilong Lu and Ling Huang},
  title = {Low-profile patch antennas with enhanced horizontal omnidirectional gain for {DSRC} applications},
  journal = {{IET} Microwaves,  Antennas {\&} Propagation}
}

@article{comp-aided-eqckt,
  doi = {10.1049/iet-map:20060335},
  year = {2007},
  publisher = {Institution of Engineering and Technology ({IET})},
  volume = {1},
  number = {5},
  pages = {1046},
  author = {Y. Kim and H. Ling},
  title = {Realisable rational function approximations for the equivalent circuit modelling of broadband antennas},
  journal = {{IET} Microwaves,  Antennas {\&} Propagation}
}

@article{comp-aided-eqckt2,
  doi = {10.1002/mmce.21060},
  year = {2016},
  month = oct,
  publisher = {Wiley},
  volume = {27},
  number = {2},
  pages = {e21060},
  author = {Soumava Mukherjee and Animesh Biswas},
  title = {Computer aided equivalent circuit model of {SIW} cavity backed triple band slot antenna},
  journal = {International Journal of {RF} and Microwave Computer-Aided Engineering}
}

@article{fss_eqckt_opt,
  doi = {10.1049/ip-map:20050198},
  year = {2006},
  publisher = {Institution of Engineering and Technology ({IET})},
  volume = {153},
  number = {3},
  pages = {213},
  author = {R. Dubrovka and J. Vazquez and C. Parini and D. Moore},
  title = {Equivalent circuit method for analysis and synthesis of frequency selective surfaces},
  journal = {{IEE} Proceedings - Microwaves,  Antennas and Propagation}
}

@article{fss_eqckt_opt_1,
  doi = {10.1590/2179-10742020v19i11898},
  year = {2020},
  month = mar,
  publisher = {{FapUNIFESP} ({SciELO})},
  volume = {19},
  number = {1},
  pages = {106--117},
  author = {Daniel B. Ferreira and Ildefonso Bianchi and Cristiano B. de Paula},
  title = {Physics-Based Design of Microstrip Magnetic Dipoles Using Cavity Model},
  journal = {Journal of Microwaves,  Optoelectronics and Electromagnetic Applications}
}

@article{fss_eqckt_opt_2,
  title={A Design Method for Synthesizing a Dual-Passband FSS for Wi-Fi Using Equivalent Circuit Model.},
  author={Xu, Yuan and He, Mang},
  journal={Applied Computational Electromagnetics Society Journal},
  volume={34},
  number={10},
  year={2019}
}

% Leaky wave models
@article{leaky_mtm_1,
  doi = {10.1002/2017rs006313},
  year = {2017},
  month = dec,
  publisher = {American Geophysical Union ({AGU})},
  volume = {52},
  number = {12},
  pages = {1510--1521},
  author = {Mohammad Alibakhshikenari and Bal Singh Virdee and Ernesto Limiti},
  title = {Compact Single-Layer Traveling-Wave Antenna {DesignUsing} Metamaterial Transmission Lines},
  journal = {Radio Science}
}

@article{leaky_mtm_2,
  doi = {10.1007/s11277-016-3590-4},
  year = {2016},
  month = aug,
  publisher = {Springer Science and Business Media {LLC}},
  volume = {92},
  number = {3},
  pages = {1029--1038},
  author = {Mohammad Alibakhshi-Kenari and Mohammad Naser-Moghadasi and R. A. Sadeghzadeh and Bal Singh Virdee and Ernesto Limiti},
  title = {New {CRLH}-Based Planar Slotted Antennas with Helical Inductors for Wireless Communication Systems,  {RF}-Circuits and Microwave Devices at {UHF}{\textendash}{SHF} Bands},
  journal = {Wireless Personal Communications}
}

@article{leaky_mtm_3,
  doi = {10.1016/j.aeue.2016.10.003},
  year = {2016},
  month = dec,
  publisher = {Elsevier {BV}},
  volume = {70},
  number = {12},
  pages = {1645--1650},
  author = {Mohammad Alibakhshi-Kenari and Mohammad Naser-Moghadasi and R.A. Sadeghzadeh and Bal S. Virdee and Ernesto Limiti},
  title = {Traveling-wave antenna based on metamaterial transmission line structure for use in multiple wireless communication applications},
  journal = {{AEU} - International Journal of Electronics and Communications}
}

@article{leaky_mtm_4,
  doi = {10.1002/mmce.20956},
  year = {2016},
  month = jan,
  publisher = {Wiley},
  volume = {26},
  number = {3},
  pages = {217--225},
  author = {Mohammad Alibakhshi-Kenari and Mohammad Naser-Moghadasi and Ramazan Ali Sadeghzadeh and Bal Singh Virdee and Ernesto Limiti},
  title = {New Compact antenna based on simplified {CRLH}-{TL} for {UWB} wireless communication systems},
  journal = {International Journal of {RF} and Microwave Computer-Aided Engineering}
}

@article{leaky_mtm_5,
  doi = {10.1002/mmce.20942},
  year = {2015},
  month = sep,
  publisher = {Wiley},
  volume = {26},
  number = {1},
  pages = {88--96},
  author = {Mohammad Alibakhshi-Kenari and Mohammad Naser-Moghadasi and Ramazan Ali Sadeghzadeh and Bal Singh Virdee},
  title = {Metamaterial-based antennas for integration in {UWB} transceivers and portable microwave handsets},
  journal = {International Journal of {RF} and Microwave Computer-Aided Engineering}
}

@inproceedings{leaky_mtm_6,
  doi = {10.1109/apace.2012.6457679},
  year = {2012},
  month = dec,
  publisher = {{IEEE}},
  author = {Mohammad Alibakhshi-Kenari and Masoud Movahhedi and Hadi Naderian},
  title = {A new miniature ultra wide band planar microstrip antenna based on the metamaterial transmission line},
  booktitle = {2012 {IEEE} Asia-Pacific Conference on Applied Electromagnetics ({APACE})}
}

@article{leaky_mtm_7,
  doi = {10.1049/iet-map.2018.5101},
  year = {2019},
  month = jul,
  publisher = {Institution of Engineering and Technology ({IET})},
  volume = {13},
  number = {8},
  pages = {1129--1133},
  author = {Mohammad Alibakhshikenari and Bal S. Virdee and Mohsen Khalily and Panchamkumar Shukla and Chan H. See and Raed Abd-Alhameed and Francisco Falcone and Ernesto Limiti},
  title = {Beam-scanning leaky-wave antenna based on {CRLH}-metamaterial for millimetre-wave applications},
  journal = {{IET} Microwaves,  Antennas {\&} Propagation}
}

@article{leaky_mtm_8,
  doi = {10.1002/mop.31300},
  year = {2018},
  month = jun,
  publisher = {Wiley},
  volume = {60},
  number = {8},
  pages = {2055--2060},
  author = {Mohammad Alibakhshikenari and Bal S. Virdee and Abdul Ali and Ernesto Limiti},
  title = {A novel monofilar-Archimedean metamaterial inspired leaky-wave antenna for scanning application for passive radar systems},
  journal = {Microwave and Optical Technology Letters}
}

@article{leaky_mtm_9,
  doi = {10.1002/2017rs006515},
  year = {2018},
  month = feb,
  publisher = {American Geophysical Union ({AGU})},
  volume = {53},
  number = {2},
  pages = {154--165},
  author = {Mohammad Alibakhshikenari and Bal S. Virdee and Abdul Ali and Ernesto Limiti},
  title = {Extended Aperture Miniature Antenna Based on {CRLH} Metamaterials for Wireless Communication Systems Operating Over {UHF} to C-Band},
  journal = {Radio Science}
}

@article{leaky_mtm_10,
  doi = {10.1049/iet-map.2016.1141},
  year = {2018},
  month = jun,
  publisher = {Institution of Engineering and Technology ({IET})},
  volume = {12},
  number = {7},
  pages = {1080--1086},
  author = {Mohammad Alibakhshikenari and Bal S. Virdee and Abdul Ali and Ernesto Limiti},
  title = {Miniaturised planar-patch antenna based on metamaterial L-shaped unit-cells for broadband portable microwave devices and multiband wireless communication systems},
  journal = {{IET} Microwaves,  Antennas {\&} Propagation}
}

@book{hong2004microstrip,
  title={Microstrip filters for RF/microwave applications},
  author={Hong, Jia-Shen G and Lancaster, Michael J},
  volume={167},
  year={2004},
  publisher={John Wiley \& Sons}
}

@book{softCompBook,
  title={Soft Computing Techniques for Engineering Optimization},
  author={Kumar, Kaushik and Roy, Supriyo and Davim, J Paulo},
  year={2019},
  publisher={CRC Press}
}

@article{softCompMeta,
  doi = {10.1038/srep35692},
  year = {2016},
  month = oct,
  publisher = {Springer Science and Business Media {LLC}},
  volume = {6},
  number = {1},
  author = {Huanhuan Yang and Xiangyu Cao and Fan Yang and Jun Gao and Shenheng Xu and Maokun Li and Xibi Chen and Yi Zhao and Yuejun Zheng and Sijia Li},
  title = {A programmable metasurface with dynamic polarization,  scattering and focusing control}
}

@inproceedings{CuckooSerach,
  doi = {10.1109/apwc.2019.8870399},
  year = {2019},
  month = sep,
  publisher = {{IEEE}},
  author = {Majid Khodier},
  title = {Optimization of Elliptical Antenna Arrays Using the Cuckoo Search Algorithm}
}

@article{InvasiveWeed,
  doi = {10.1109/tap.2010.2041163},
  year = {2010},
  month = apr,
  publisher = {Institute of Electrical and Electronics Engineers ({IEEE})},
  volume = {58},
  number = {4},
  pages = {1269--1278},
  author = {S. Karimkashi and A.A. Kishk},
  title = {Invasive Weed Optimization and its Features in Electromagnetics}
}

@book{phasedArrayHandbook,
  title={Phased array antenna handbook},
  author={Mailloux, Robert J},
  year={2017},
  publisher={Artech house}
}

@techreport{thinnedArrayBook,
  title={NON-PLANAR ARRAY'THINNING'STUDY.},
  author={Clarke, Charles E and Shanley, Thomas JB},
  year={1965},
  institution={PHILCO BLUE BELL PA AERONUTRONIC DIV},
  publisher={Techniques Branch, Rome Air Development Center, Research and Technology Division, Air Force Systems Command}
}

%%% Conference Papers reviews
@article{mmarrayRrev,
  title={Review of recent phased arrays for millimeter-wave wireless communication},
  author={Naqvi, Aqeel Hussain and Lim, Sungjoon},
  journal={Sensors},
  volume={18},
  number={10},
  pages={3194},
  year={2018},
  publisher={Multidisciplinary Digital Publishing Institute}
}

@inproceedings{sparseDesignConstraints,
  title={Design considerations in sparse array antennas},
  author={Coman, Cristian I and Lager, Ioan E and Ligthart, Leonardus P},
  booktitle={2006 European Radar Conference},
  pages={72--75},
  year={2006},
  organization={IEEE}
}

@article{thinningGA,
  title={Solving ``Antenna Array Thinning Problem'' Using Genetic Algorithm},
  author={Jain, Rajashree and Mani, GS},
  journal={Applied Computational Intelligence and Soft Computing},
  volume={2012},
  year={2012},
  publisher={Hindawi}
}

@article{nunUniformLinear,
  title={Nonuniformly spaced linear antenna array design using firefly algorithm},
  author={Zaman, Mohammad Asif and Abdul Matin, Md},
  journal={International Journal of Microwave Science and Technology},
  volume={2012},
  year={2012},
  publisher={Hindawi}
}

@article{amplitudeTaperingHybrid,
  title={A hybrid technique using combinatorial cyclic difference sets and binomial amplitude tapering for linear sparse array antenna design},
  author={Sandi, Efri and Zulkifli, Fitri Yuli and Rahardjo, Eko Tjipto},
  journal={Advanced Electromagnetics},
  volume={5},
  number={3},
  pages={73--79},
  year={2016}
}

@inproceedings{randomlySpacedArray,
  title={Synthesis of randomly spaced planar antenna array with low peak side lobe level (PSLL) using Modified Genetic Algorithm},
  author={Reddy, K Yetish and Kumar, R Bharath and Jijenth, M and Suman, KK and Gangwar, VS and Singh, AK},
  booktitle={2017 IEEE International Conference on Antenna Innovations \& Modern Technologies for Ground, Aircraft and Satellite Applications (iAIM)},
  pages={1--4},
  year={2017},
  organization={IEEE}
}

@article{selfOrgOpt,
  title={Multi-objective self-organizing optimization for constrained sparse array synthesis},
  author={Li, Haoran and He, Fazhi and Chen, Yilin and Luo, Jinkun},
  journal={Swarm and Evolutionary Computation},
  volume={58},
  pages={100743},
  year={2020},
  publisher={Elsevier}
}

@article{SyntLargeSparse,
  title={An efficient approach for the synthesis of large sparse planar array},
  author={Gu, Pengfei and Wang, Gui and Fan, Zhenhong and Chen, Rushan},
  journal={IEEE Transactions on Antennas and Propagation},
  volume={67},
  number={12},
  pages={7320--7330},
  year={2019},
  publisher={IEEE}
}

@article{arrayTradeoffs,
  title={On the trade-off between the main parameters of planar antenna arrays},
  author={Pinchera, Daniele},
  journal={Electronics},
  volume={9},
  number={5},
  pages={739},
  year={2020},
  publisher={Multidisciplinary Digital Publishing Institute}
}

@article{5gmmwave,
  title={Millimeter-wave 5G antennas for smartphones: Overview and experimental demonstration},
  author={Hong, Wonbin and Baek, Kwang-Hyun and Ko, Seungtae},
  journal={IEEE Transactions on Antennas and Propagation},
  volume={65},
  number={12},
  pages={6250--6261},
  year={2017},
  publisher={IEEE}
}

@inproceedings{5gmmwave_fr4,
  title={FR4 PCB grid array antenna for millimeter-wave 5G mobile communications},
  author={Chen, Zihao and Zhang, Yue Ping},
  booktitle={2013 IEEE MTT-S International Microwave Workshop Series on RF and Wireless Technologies for Biomedical and Healthcare Applications (IMWS-BIO)},
  pages={1--3},
  year={2013},
  organization={IEEE}
}

@article{phasedArray_russia,
  title={The first phased-array antennas in Russia: 1955-1960},
  author={Vendik, Orest G and Yegorov, Yuri V},
  journal={IEEE Antennas and Propagation Magazine},
  volume={42},
  number={4},
  pages={46--52},
  year={2000},
  publisher={IEEE}
}

@article{freqReconfCogn,
  doi = {10.1007/s11277-017-5022-5},
  year = {2017},
  month = oct,
  publisher = {Springer Science and Business Media {LLC}},
  volume = {98},
  number = {4},
  pages = {3431--3441},
  author = {Fatemeh Zadehparizi and Shahrokh Jam},
  title = {Frequency Reconfigurable Antennas Design for Cognitive Radio Applications with Different Number of Sub-bands Based on Genetic Algorithm},
  journal = {Wireless Personal Communications}
}

@article{lh_mtm,
  doi = {10.1007/s11595-010-2282-2},
  year = {2010},
  month = apr,
  publisher = {Springer Science and Business Media {LLC}},
  volume = {25},
  number = {2},
  pages = {282--286},
  author = {Weikai Xu and Shutian Liu and Yangzhang Dong},
  title = {Design of structural left-handed material based on topology optimization},
  journal = {Journal of Wuhan University of Technology-Mater. Sci. Ed.}
}

@article{metasurface1,
  doi = {10.1109/map.2012.6230714},
  year = {2012},
  month = apr,
  publisher = {Institute of Electrical and Electronics Engineers ({IEEE})},
  volume = {54},
  number = {2},
  pages = {10--35},
  author = {C. L. Holloway and E. F. Kuester and J. A. Gordon and J. O{\textquotesingle}Hara and J. Booth and D. R. Smith},
  title = {An Overview of the Theory and Applications of Metasurfaces: The Two-Dimensional Equivalents of Metamaterials},
  journal = {{IEEE} Antennas and Propagation Magazine}
}

@article{metasurface2,
  doi = {10.1109/lawp.2017.2689161},
  year = {2017},
  publisher = {Institute of Electrical and Electronics Engineers ({IEEE})},
  volume = {16},
  pages = {1932--1936},
  author = {Son Xuat Ta and Ikmo Park},
  title = {Compact Wideband Circularly Polarized Patch Antenna Array Using Metasurface},
  journal = {{IEEE} Antennas and Wireless Propagation Letters}
}

@article{uwb_rcs,
  doi = {10.1038/srep37409},
  year = {2016},
  month = nov,
  publisher = {Springer Science and Business Media {LLC}},
  volume = {6},
  number = {1},
  author = {Si Jia Li and Xiang Yu Cao and Li Ming Xu and Long Jian Zhou and Huan Huan Yang and Jiang Feng Han and Zhao Zhang and Di Zhang and Xiao Liu and Chen Zhang and Yue Jun Zheng and Yi Zhao},
  title = {Ultra-broadband Reflective Metamaterial with {RCS} Reduction based on Polarization Convertor,  Information Entropy Theory and Genetic Optimization Algorithm},
  journal = {Scientific Reports}
}

@book{gaBook,
  title={Introduction to evolutionary computing},
  author={Eiben, Agoston E and Smith, James E and others},
  volume={53},
  year={2003},
  publisher={Springer}
}

@article{gaImpl,
  title={Genetic algorithms in economics and finance: Forecasting stock market prices and foreign exchange --- A review},
  author={Drake, Adrian E and Marks, Robert E},
  journal={Genetic algorithms and genetic programming in computational finance},
  pages={29--54},
  year={2002},
  publisher={Springer}
}

@INPROCEEDINGS{ML_WideBand01,
    author={G. {Giunta} and C. {Novi} and S. {Maddio} and G. {Pelosi} and M. {Righini} and S. {Selleri}},
    booktitle={2017 IEEE International Symposium on Antennas and Propagation USNC/URSI National Radio Science Meeting},
    title={Efficient tolerance analysis on a low cost, compact size, wideband multilayer patch antenna},
    year={2017},
    volume={},
    number={},
    pages={2113-2114},
    keywords={microstrip antennas;reliability;tolerance analysis;low cost antenna;compact size antenna;antenna tolerance analysis;wideband multilayer patch antenna;Nonhomogeneous media;Patch antennas;Antenna measurements;Substrates;Microstrip antennas;Tolerance analysis},
    doi={10.1109/APUSNCURSINRSM.2017.8073099},
    ISSN={1947-1491},
    month={July}
}

@article{ML_DualBand01,
  doi = {10.1016/j.aeue.2018.08.021},
  year = {2018},
  month = oct,
  publisher = {Elsevier {BV}},
  volume = {95},
  pages = {226--235},
  author = {Bidisha Hazarika and Banani Basu and Jayendra Kumar},
  title = {A multi-layered dual-band on-body conformal integrated antenna for {WBAN} communication},
  journal = {{AEU} - International Journal of Electronics and Communications}
}

@article{ML_DualBand02,
  doi = {10.1017/s1759078715001294},
  year = {2015},
  month = aug,
  publisher = {Cambridge University Press ({CUP})},
  volume = {9},
  number = {2},
  pages = {317--325},
  author = {Amanpreet Kaur and Rajesh Khanna and Machavaram Kartikeyan},
  title = {A multilayer dual wideband circularly polarized microstrip antenna with {DGS} for {WLAN}/Bluetooth/{ZigBee}/Wi-Max/ {IMT} band applications},
  journal = {International Journal of Microwave and Wireless Technologies}
}

@article{ML_high_gain_parasitic_slot,
  doi = {10.1109/tap.2004.825191},
  year = {2004},
  month = mar,
  publisher = {Institute of Electrical and Electronics Engineers ({IEEE})},
  volume = {52},
  number = {3},
  pages = {865--872},
  author = {S.K. Sharma and L. Shafai and N. Jacob},
  title = {Investigation of Wide-Band Microstrip Slot Antenna},
  journal = {{IEEE} Transactions on Antennas and Propagation}
}

@article{pma_stripline,
  doi = {10.1007/s13369-013-0553-x},
  year = {2013},
  month = feb,
  publisher = {Springer Science and Business Media {LLC}},
  volume = {38},
  number = {9},
  pages = {2415--2422},
  author = {Rezaul Azim and Mohammad Tariqul Islam and Norbahiah Misran},
  title = {Microstrip Line-fed Printed Planar Monopole Antenna for {UWB} Applications},
  journal = {Arabian Journal for Science and Engineering}
}

@article{pma_dualband,
  doi = {10.2528/pier10052411},
  year = {2010},
  publisher = {{EMW} Publishing},
  volume = {106},
  pages = {363--376},
  author = {Ooi Tze-Meng and Tan Kim Geok and Ahmed Wasif Reza},
  title = {A Dual-Band Omni-Directional Microstrip Antenna},
  journal = {Progress In Electromagnetics Research}
}

@article{5G_surv1,
  doi = {10.1109/access.2015.2461602},
  year = {2015},
  publisher = {Institute of Electrical and Electronics Engineers ({IEEE})},
  volume = {3},
  pages = {1206--1232},
  author = {A. Gupta and R. K. Jha},
  title = {A Survey of 5G Network: Architecture and Emerging Technologies},
  journal = {{IEEE} Access}
}

@inproceedings{5G_surv2,
  doi = {10.1109/icpcsi.2017.8391995},
  year = {2017},
  month = sep,
  publisher = {{IEEE}},
  author = {V. Samuthira Pandi and J. Lakshmi Priya},
  title = {A survey on 5G mobile technology},
  booktitle = {2017 {IEEE} International Conference on Power,  Control,  Signals and Instrumentation Engineering ({ICPCSI})}
}

@ARTICLE{5G_tutorial,
author={M. {Shafi} and A. F. {Molisch} and P. J. {Smith} and T. {Haustein} and P. {Zhu} and P. {De Silva} and F. {Tufvesson} and A. {Benjebbour} and G. {Wunder}},
journal={IEEE Journal on Selected Areas in Communications},
title={5G: A Tutorial Overview of Standards, Trials, Challenges, Deployment, and Practice},
year={2017},
volume={35},
number={6},
pages={1201-1221},
keywords={5G mobile communication;microwave antenna arrays;MIMO communication;telecommunication network reliability;5G standard;network reliability;energy efficiency;Internet of Things;augmented virtual reality;antenna array;3D MIMO;5G service;5G core network;4G core network;frequency 3.3 GHz to 4.2 GHz;5G mobile communication;Computer architecture;Microprocessors;Bandwidth;Antenna arrays;Tutorials;5G;massive MIMO;beamforming;trials;testbeds;waveforms;cloud ran;next generation core},
doi={10.1109/JSAC.2017.2692307},
ISSN={1558-0008},
month={June}
}

@book{5G_standards,
  title={5G Spectrum and Standards},
  author={Varrall, Geoff},
  year={2016},
  publisher={Artech House}
}

@INPROCEEDINGS{iot-ant1,
author={de Cos G{\'o}mez, ME and {\'A}lvarez, H Fern{\'a}ndez and Gonz{\'a}lez, C Garc{\'\i}a and Valcarce, B Puerto and Olenick, J and Las-Heras, F},
booktitle={2019 13th European Conference on Antennas and Propagation (EuCAP)},
title={Ultra-Thin Compact Flexible Antenna for IoT Applications},
year={2019},
volume={},
number={},
pages={1-4},
keywords={antenna feeds;antenna radiation patterns;coplanar waveguides;impedance matching;Internet of Things;microstrip antennas;monopole antennas;slot antennas;UHF antennas;ultra-thin compact flexible antenna;IoT applications;impedance matching;radiation properties;metallization techniques;dielectric substrates;CPW-fed slot monopole antenna;flexible ceramic;thin E-Strate;rigid Arlon 25N;flexible Polypropylene;electrotextile;inkject printing;Slot antennas;Ceramics;Prototypes;Internet of Things;Substrates;Dielectrics;flexible antenna;compact antenna;ultra-thin antenna;ceramic antenna;antenna for IoT;electrotextile antenna;inkject printed antenna},
doi={},
ISSN={null},
month={March}
}

@INPROCEEDINGS{iot-ant2,
author={Z. {Su} and K. {Klionovski} and R. M. {Bilal} and A. {Shamim}},
booktitle={2018 IEEE Indian Conference on Antennas and Propogation (InCAP)},
title={3D Printed Near-isotropic Asymmetric Dipole Antenna-on-Package for IoT Applications},
year={2018},
volume={},
number={},
pages={1-3},
keywords={antenna radiation patterns;Bluetooth;dipole antennas;Internet of Things;microstrip antennas;rapid prototyping (industrial);three-dimensional printing;IoT applications;additive manufacturing technique;near isotropic radiation pattern;communication protocol;Internet of Things applications;3D printed near-isotropic asymmetric dipole antenna-on-package;frequency 2.45 GHz;gain 1.56 dB;gain 5.05 dB;Antenna radiation patterns;Gain;Dipole antennas;Antenna measurements;Three-dimensional printing;Three-dimensional displays;Asymmetric dipole antenna;near-isotropic radiation pattern;additive manufactured antenna},
doi={10.1109/INCAP.2018.8770735},
ISSN={null},
month={Dec}
}

@INPROCEEDINGS{iot-ant3,
author={F. {Ferrero} and C. {Pham}},
booktitle={12th European Conference on Antennas and Propagation (EuCAP 2018)},
title={Low-cost antenna for IoT deployment in developing country},
year={2018},
volume={},
number={},
pages={1-5},
keywords={dipole antennas;Internet of Things;internetworking;microstrip antennas;IoT deployment;ultra-low cost antenna;gateway;end-node;rural areas;on-the-shelf components;affordable integration cost;antenna;IoT;measurement},
doi={10.1049/cp.2018.0915},
ISSN={null},
month={April}
}

@article{rad_loss,
  title={A generalized method for distinguishing between radiation and surface-wave losses in microstrip discontinuities},
  author={Horng, T-S and Wu, S-C and Yang, H-Y and Alexopoulos, NG},
  journal={IEEE transactions on microwave theory and techniques},
  volume={38},
  number={12},
  pages={1800--1807},
  year={1990},
  publisher={IEEE}
}

@book{multi_conductor_analysis_book,
  title={Analysis of multiconductor transmission lines},
  author={Paul, Clayton R},
  year={2007},
  publisher={John Wiley \& Sons}
}

@article{vectorfitting1,
  doi = {10.1109/tap.2007.904129},
  year = {2007},
  month = sep,
  publisher = {Institute of Electrical and Electronics Engineers ({IEEE})},
  volume = {55},
  number = {9},
  pages = {2468--2472},
  author = {Gerald R. DeJean and Manos M. Tentzeris},
  title = {The Application of Lumped Element Equivalent Circuits Approach to the Design of Single-Port Microstrip Antennas},
  journal = {{IEEE} Transactions on Antennas and Propagation}
}

@article{vectorfitting2,
  year = {2020},
  month = aug,
  publisher = {Informa {UK} Limited},
  volume = {34},
  number = {16},
  pages = {2220--2235},
  author = {Mohsen Eslami Nazari and Weimin Huang and Zahraalsadat Alavizadeh},
  title = {Return loss-bandwidth evaluation for electrically small microstrip antennas},
  journal = {Journal of Electromagnetic Waves and Applications}
}

@inproceedings{vectorfitting3,
  year = {2020},
  month = sep,
  publisher = {{IEEE}},
  author = {Christoph Lange and Marco Leone},
  title = {Validity of Geometrical Simplifications in the Application of a Modal Equivalent Circuit for Interconnection Networks in Metallic Enclosures},
  booktitle = {2020 International Symposium on Electromagnetic Compatibility - {EMC} {EUROPE}}
}

@article{vfit3_1,
  doi = {10.1109/61.772353},
  year = {1999},
  month = jul,
  publisher = {Institute of Electrical and Electronics Engineers ({IEEE})},
  volume = {14},
  number = {3},
  pages = {1052--1061},
  author = {B. Gustavsen and A. Semlyen},
  title = {Rational approximation of frequency domain responses by vector fitting},
  journal = {{IEEE} Transactions on Power Delivery}
}

@article{vfit3_2,
  doi = {10.1109/tpwrd.2005.860281},
  year = {2006},
  month = jul,
  publisher = {Institute of Electrical and Electronics Engineers ({IEEE})},
  volume = {21},
  number = {3},
  pages = {1587--1592},
  author = {B. Gustavsen},
  title = {Improving the Pole Relocating Properties of Vector Fitting},
  journal = {{IEEE} Transactions on Power Delivery}
}

@article{vfit3_3,
  doi = {10.1109/lmwc.2008.922585},
  year = {2008},
  month = jun,
  publisher = {Institute of Electrical and Electronics Engineers ({IEEE})},
  volume = {18},
  number = {6},
  pages = {383--385},
  author = {D. Deschrijver and M. Mrozowski and T. Dhaene and D. De Zutter},
  title = {Macromodeling of Multiport Systems Using a Fast Implementation of the Vector Fitting Method},
  journal = {{IEEE} Microwave and Wireless Components Letters}
}


@article{bayesian_regularization,
  title={Bayesian regularization of neural networks},
  author={Burden, Frank and Winkler, Dave},
  journal={Artificial neural networks},
  pages={23--42},
  year={2008},
  publisher={Springer}
}

@article{kumaresh_surrgoate,
  title={Surrogate Model Assisted Design of CSRR Structure using Genetic Algorithm for Microstrip Antenna Application.},
  author={Sarmah, Kumaresh and Goswami, Sivaranjan and Baruah, Sunandan},
  journal={Radioengineering},
  volume={29},
  number={1},
  year={2020}
}

@article{pso_vs_ga,
  title={A comparative study of particle swarm optimization and genetic algorithm},
  author={Almufti, M and Zebari, A and Omer, H and others},
  journal={Journal of Advanced Computer Science \& Technology},
  volume={8},
  number={2},
  pages={40--45},
  year={2019}
}

@article{mimoConformal,
  title={Conformal antenna array for MIMO applications},
  author={Elwi, Taha A and Abbas, Z and Noori, Mohammed and Al-Naiemy, Yahiea and Salih, Ethar Y and Hamed, Marwa M and others},
  journal={Journal of Electromagnetic Analysis and Applications},
  volume={6},
  number={04},
  pages={43},
  year={2014},
  publisher={Scientific Research Publishing}
}

@article{mimoDualBand,
  title={Dual-band eight-antenna array design for MIMO applications in 5G mobile terminals},
  author={Li, Jianxing and Zhang, Xiaoke and Wang, Zhi and Chen, Xiaoming and Chen, Juan and Li, Yingsong and Zhang, Anxue},
  journal={IEEE Access},
  volume={7},
  pages={71636--71644},
  year={2019},
  publisher={IEEE}
}
